%YAML 1.1
%TAG !u! tag:unity3d.com,2011:
--- !u!1 &4723502743680520090
GameObject:
  m_ObjectHideFlags: 0
  m_CorrespondingSourceObject: {fileID: 0}
  m_PrefabInstance: {fileID: 0}
  m_PrefabAsset: {fileID: 0}
  serializedVersion: 6
  m_Component:
  - component: {fileID: 4723502743680520032}
  - component: {fileID: 4723502743680520033}
  - component: {fileID: 4723502743680520038}
  - component: {fileID: 4723502743680520039}
  - component: {fileID: 4723502743680520036}
  - component: {fileID: 4723502743680520037}
  m_Layer: 0
  m_Name: Oval Platform
  m_TagString: Untagged
  m_Icon: {fileID: 0}
  m_NavMeshLayer: 0
  m_StaticEditorFlags: 0
  m_IsActive: 1
--- !u!4 &4723502743680520032
Transform:
  m_ObjectHideFlags: 0
  m_CorrespondingSourceObject: {fileID: 0}
  m_PrefabInstance: {fileID: 0}
  m_PrefabAsset: {fileID: 0}
  m_GameObject: {fileID: 4723502743680520090}
  m_LocalRotation: {x: -0, y: 0.1551415, z: -0, w: 0.9878923}
  m_LocalPosition: {x: 16.9, y: 0.0000038146973, z: 30.1}
  m_LocalScale: {x: 1, y: 1, z: 1}
  m_Children: []
  m_Father: {fileID: 0}
  m_RootOrder: 0
  m_LocalEulerAnglesHint: {x: 0, y: 17.85, z: 0}
--- !u!114 &4723502743680520033
MonoBehaviour:
  m_ObjectHideFlags: 0
  m_CorrespondingSourceObject: {fileID: 0}
  m_PrefabInstance: {fileID: 0}
  m_PrefabAsset: {fileID: 0}
  m_GameObject: {fileID: 4723502743680520090}
  m_Enabled: 1
  m_EditorHideFlags: 0
  m_Script: {fileID: 11500000, guid: bb977b126bc1b4f15813dcf9da9bb600, type: 3}
  m_Name: 
  m_EditorClassIdentifier: 
  m_Points:
  - {x: 0, y: 0, z: 0}
  - {x: 4.408434, y: 0, z: -0.1636982}
  - {x: 6.5831356, y: 0, z: 1.7206764}
  - {x: 6.862667, y: 0, z: 9.144451}
  - {x: 3.338583, y: 0, z: 10.268518}
  - {x: -0.81560326, y: 0, z: 9.572863}
  - {x: -5.8233824, y: 0, z: 6.5773773}
  - {x: -10.743604, y: 0, z: 3.2207565}
  - {x: -15.203867, y: 0, z: -1.0570621}
  - {x: -9.649464, y: 0, z: -7.43832}
  - {x: -5.922373, y: 0, z: -5.908724}
  - {x: -2.3735094, y: 0, z: -3.2627392}
  m_Extrude: 19.9346
  m_EditMode: 0
  m_FlipNormals: 0
  isOnGrid: 1
--- !u!33 &4723502743680520038
MeshFilter:
  m_ObjectHideFlags: 0
  m_CorrespondingSourceObject: {fileID: 0}
  m_PrefabInstance: {fileID: 0}
  m_PrefabAsset: {fileID: 0}
  m_GameObject: {fileID: 4723502743680520090}
  m_Mesh: {fileID: 0}
--- !u!23 &4723502743680520039
MeshRenderer:
  m_ObjectHideFlags: 0
  m_CorrespondingSourceObject: {fileID: 0}
  m_PrefabInstance: {fileID: 0}
  m_PrefabAsset: {fileID: 0}
  m_GameObject: {fileID: 4723502743680520090}
  m_Enabled: 1
  m_CastShadows: 1
  m_ReceiveShadows: 1
  m_DynamicOccludee: 1
  m_MotionVectors: 1
  m_LightProbeUsage: 1
  m_ReflectionProbeUsage: 1
  m_RayTracingMode: 2
  m_RayTraceProcedural: 0
  m_RenderingLayerMask: 1
  m_RendererPriority: 0
  m_Materials:
  - {fileID: 2100000, guid: c22777d6e868e4f2fb421913386b154e, type: 2}
  m_StaticBatchInfo:
    firstSubMesh: 0
    subMeshCount: 0
  m_StaticBatchRoot: {fileID: 0}
  m_ProbeAnchor: {fileID: 0}
  m_LightProbeVolumeOverride: {fileID: 0}
  m_ScaleInLightmap: 1
  m_ReceiveGI: 1
  m_PreserveUVs: 0
  m_IgnoreNormalsForChartDetection: 0
  m_ImportantGI: 0
  m_StitchLightmapSeams: 1
  m_SelectedEditorRenderState: 2
  m_MinimumChartSize: 4
  m_AutoUVMaxDistance: 0.5
  m_AutoUVMaxAngle: 89
  m_LightmapParameters: {fileID: 0}
  m_SortingLayerID: 0
  m_SortingLayer: 0
  m_SortingOrder: 0
  m_AdditionalVertexStreams: {fileID: 0}
--- !u!114 &4723502743680520036
MonoBehaviour:
  m_ObjectHideFlags: 0
  m_CorrespondingSourceObject: {fileID: 0}
  m_PrefabInstance: {fileID: 0}
  m_PrefabAsset: {fileID: 0}
  m_GameObject: {fileID: 4723502743680520090}
  m_Enabled: 1
  m_EditorHideFlags: 0
  m_Script: {fileID: 11500000, guid: 8233d90336aea43098adf6dbabd606a2, type: 3}
  m_Name: 
  m_EditorClassIdentifier: 
  m_MeshFormatVersion: 1
  m_Faces:
  - m_Indexes: 0200000004000000030000000200000001000000000000000000000004000000020000000000000005000000040000000000000006000000050000000b00000006000000000000000b00000007000000060000000b0000000a000000070000000a0000000900000007000000090000000800000007000000
    m_SmoothingGroup: 0
    m_Uv:
      m_UseWorldSpace: 0
      m_FlipU: 0
      m_FlipV: 0
      m_SwapUV: 0
      m_Fill: 1
      m_Scale: {x: 1, y: 1}
      m_Offset: {x: 0, y: 0}
      m_Rotation: 0
      m_Anchor: 9
    m_Material: {fileID: 2100000, guid: c22777d6e868e4f2fb421913386b154e, type: 2}
    m_SubmeshIndex: 0
    m_ManualUV: 0
    elementGroup: 0
    m_TextureGroup: -1
  - m_Indexes: 1400000017000000160000001400000016000000150000001400000015000000130000001200000014000000130000001000000012000000130000001100000012000000100000000d00000011000000100000000c0000000d00000010000000100000000f0000000c0000000e0000000d0000000c000000
    m_SmoothingGroup: 0
    m_Uv:
      m_UseWorldSpace: 0
      m_FlipU: 0
      m_FlipV: 0
      m_SwapUV: 0
      m_Fill: 1
      m_Scale: {x: 1, y: 1}
      m_Offset: {x: 0, y: 0}
      m_Rotation: 0
      m_Anchor: 9
    m_Material: {fileID: 2100000, guid: c22777d6e868e4f2fb421913386b154e, type: 2}
    m_SubmeshIndex: 0
    m_ManualUV: 0
    elementGroup: 0
    m_TextureGroup: -1
  - m_Indexes: 18000000190000001a000000190000001b0000001a000000
    m_SmoothingGroup: 0
    m_Uv:
      m_UseWorldSpace: 0
      m_FlipU: 0
      m_FlipV: 0
      m_SwapUV: 0
      m_Fill: 1
      m_Scale: {x: 1, y: 1}
      m_Offset: {x: 0, y: 0}
      m_Rotation: 0
      m_Anchor: 9
    m_Material: {fileID: 0}
    m_SubmeshIndex: 0
    m_ManualUV: 0
    elementGroup: -1
    m_TextureGroup: -1
  - m_Indexes: 1c0000001d0000001e0000001d0000001f0000001e000000
    m_SmoothingGroup: 0
    m_Uv:
      m_UseWorldSpace: 0
      m_FlipU: 0
      m_FlipV: 0
      m_SwapUV: 0
      m_Fill: 1
      m_Scale: {x: 1, y: 1}
      m_Offset: {x: 0, y: 0}
      m_Rotation: 0
      m_Anchor: 9
    m_Material: {fileID: 0}
    m_SubmeshIndex: 0
    m_ManualUV: 0
    elementGroup: -1
    m_TextureGroup: -1
  - m_Indexes: 200000002100000022000000210000002300000022000000
    m_SmoothingGroup: 0
    m_Uv:
      m_UseWorldSpace: 0
      m_FlipU: 0
      m_FlipV: 0
      m_SwapUV: 0
      m_Fill: 1
      m_Scale: {x: 1, y: 1}
      m_Offset: {x: 0, y: 0}
      m_Rotation: 0
      m_Anchor: 9
    m_Material: {fileID: 0}
    m_SubmeshIndex: 0
    m_ManualUV: 0
    elementGroup: -1
    m_TextureGroup: -1
  - m_Indexes: 240000002500000026000000250000002700000026000000
    m_SmoothingGroup: 0
    m_Uv:
      m_UseWorldSpace: 0
      m_FlipU: 0
      m_FlipV: 0
      m_SwapUV: 0
      m_Fill: 1
      m_Scale: {x: 1, y: 1}
      m_Offset: {x: 0, y: 0}
      m_Rotation: 0
      m_Anchor: 9
    m_Material: {fileID: 0}
    m_SubmeshIndex: 0
    m_ManualUV: 0
    elementGroup: -1
    m_TextureGroup: -1
  - m_Indexes: 28000000290000002a000000290000002b0000002a000000
    m_SmoothingGroup: 0
    m_Uv:
      m_UseWorldSpace: 0
      m_FlipU: 0
      m_FlipV: 0
      m_SwapUV: 0
      m_Fill: 1
      m_Scale: {x: 1, y: 1}
      m_Offset: {x: 0, y: 0}
      m_Rotation: 0
      m_Anchor: 9
    m_Material: {fileID: 0}
    m_SubmeshIndex: 0
    m_ManualUV: 0
    elementGroup: -1
    m_TextureGroup: -1
  - m_Indexes: 2c0000002d0000002e0000002d0000002f0000002e000000
    m_SmoothingGroup: 0
    m_Uv:
      m_UseWorldSpace: 0
      m_FlipU: 0
      m_FlipV: 0
      m_SwapUV: 0
      m_Fill: 1
      m_Scale: {x: 1, y: 1}
      m_Offset: {x: 0, y: 0}
      m_Rotation: 0
      m_Anchor: 9
    m_Material: {fileID: 0}
    m_SubmeshIndex: 0
    m_ManualUV: 0
    elementGroup: -1
    m_TextureGroup: -1
  - m_Indexes: 300000003100000032000000310000003300000032000000
    m_SmoothingGroup: 0
    m_Uv:
      m_UseWorldSpace: 0
      m_FlipU: 0
      m_FlipV: 0
      m_SwapUV: 0
      m_Fill: 1
      m_Scale: {x: 1, y: 1}
      m_Offset: {x: 0, y: 0}
      m_Rotation: 0
      m_Anchor: 9
    m_Material: {fileID: 0}
    m_SubmeshIndex: 0
    m_ManualUV: 0
    elementGroup: -1
    m_TextureGroup: -1
  - m_Indexes: 340000003500000036000000350000003700000036000000
    m_SmoothingGroup: 0
    m_Uv:
      m_UseWorldSpace: 0
      m_FlipU: 0
      m_FlipV: 0
      m_SwapUV: 0
      m_Fill: 1
      m_Scale: {x: 1, y: 1}
      m_Offset: {x: 0, y: 0}
      m_Rotation: 0
      m_Anchor: 9
    m_Material: {fileID: 0}
    m_SubmeshIndex: 0
    m_ManualUV: 0
    elementGroup: -1
    m_TextureGroup: -1
  - m_Indexes: 38000000390000003a000000390000003b0000003a000000
    m_SmoothingGroup: 0
    m_Uv:
      m_UseWorldSpace: 0
      m_FlipU: 0
      m_FlipV: 0
      m_SwapUV: 0
      m_Fill: 1
      m_Scale: {x: 1, y: 1}
      m_Offset: {x: 0, y: 0}
      m_Rotation: 0
      m_Anchor: 9
    m_Material: {fileID: 0}
    m_SubmeshIndex: 0
    m_ManualUV: 0
    elementGroup: -1
    m_TextureGroup: -1
  - m_Indexes: 3c0000003d0000003e0000003d0000003f0000003e000000
    m_SmoothingGroup: 0
    m_Uv:
      m_UseWorldSpace: 0
      m_FlipU: 0
      m_FlipV: 0
      m_SwapUV: 0
      m_Fill: 1
      m_Scale: {x: 1, y: 1}
      m_Offset: {x: 0, y: 0}
      m_Rotation: 0
      m_Anchor: 9
    m_Material: {fileID: 0}
    m_SubmeshIndex: 0
    m_ManualUV: 0
    elementGroup: -1
    m_TextureGroup: -1
  - m_Indexes: 400000004100000042000000410000004300000042000000
    m_SmoothingGroup: 0
    m_Uv:
      m_UseWorldSpace: 0
      m_FlipU: 0
      m_FlipV: 0
      m_SwapUV: 0
      m_Fill: 1
      m_Scale: {x: 1, y: 1}
      m_Offset: {x: 0, y: 0}
      m_Rotation: 0
      m_Anchor: 9
    m_Material: {fileID: 0}
    m_SubmeshIndex: 0
    m_ManualUV: 0
    elementGroup: -1
    m_TextureGroup: -1
  - m_Indexes: 440000004500000046000000450000004700000046000000
    m_SmoothingGroup: 0
    m_Uv:
      m_UseWorldSpace: 0
      m_FlipU: 0
      m_FlipV: 0
      m_SwapUV: 0
      m_Fill: 1
      m_Scale: {x: 1, y: 1}
      m_Offset: {x: 0, y: 0}
      m_Rotation: 0
      m_Anchor: 9
    m_Material: {fileID: 0}
    m_SubmeshIndex: 0
    m_ManualUV: 0
    elementGroup: -1
    m_TextureGroup: -1
  m_SharedVertices:
  - m_Vertices: 000000002700000032000000
  - m_Vertices: 100000002500000030000000
  - m_Vertices: 010000002300000026000000
  - m_Vertices: 0f0000002100000024000000
  - m_Vertices: 020000001f00000022000000
  - m_Vertices: 0c0000001d00000020000000
  - m_Vertices: 030000001b0000001e000000
  - m_Vertices: 0e000000190000001c000000
  - m_Vertices: 040000001a0000002b000000
  - m_Vertices: 0d0000001800000029000000
  - m_Vertices: 050000002a0000002f000000
  - m_Vertices: 11000000280000002d000000
  - m_Vertices: 060000002e00000037000000
  - m_Vertices: 120000002c00000035000000
  - m_Vertices: 070000003600000047000000
  - m_Vertices: 140000003400000045000000
  - m_Vertices: 080000004300000046000000
  - m_Vertices: 170000004100000044000000
  - m_Vertices: 090000003f00000042000000
  - m_Vertices: 160000003d00000040000000
  - m_Vertices: 0a0000003b0000003e000000
  - m_Vertices: 15000000390000003c000000
  - m_Vertices: 0b000000330000003a000000
  - m_Vertices: 130000003100000038000000
  m_SharedTextures: []
  m_Positions:
  - {x: 0, y: 19.9346, z: 0}
  - {x: 4.408434, y: 19.9346, z: -0.1636982}
  - {x: 6.5831356, y: 19.9346, z: 1.7206764}
  - {x: 6.862667, y: 19.9346, z: 9.144451}
  - {x: 3.338583, y: 19.9346, z: 10.268518}
  - {x: -0.81560326, y: 19.9346, z: 9.572863}
  - {x: -5.8233824, y: 19.9346, z: 6.5773773}
  - {x: -10.743604, y: 19.9346, z: 3.2207565}
  - {x: -15.203867, y: 19.9346, z: -1.0570621}
  - {x: -9.649464, y: 19.9346, z: -7.43832}
  - {x: -5.922373, y: 19.9346, z: -5.908724}
  - {x: -2.3735094, y: 19.9346, z: -3.2627392}
  - {x: 6.5831356, y: 0, z: 1.7206764}
  - {x: 3.338583, y: 0, z: 10.268518}
  - {x: 6.862667, y: 0, z: 9.144451}
  - {x: 4.408434, y: 0, z: -0.1636982}
  - {x: 0, y: 0, z: 0}
  - {x: -0.81560326, y: 0, z: 9.572863}
  - {x: -5.8233824, y: 0, z: 6.5773773}
  - {x: -2.3735094, y: 0, z: -3.2627392}
  - {x: -10.743604, y: 0, z: 3.2207565}
  - {x: -5.922373, y: 0, z: -5.908724}
  - {x: -9.649464, y: 0, z: -7.43832}
  - {x: -15.203867, y: 0, z: -1.0570621}
  - {x: 3.338583, y: 0, z: 10.268518}
  - {x: 6.862667, y: 0, z: 9.144451}
  - {x: 3.338583, y: 19.9346, z: 10.268518}
  - {x: 6.862667, y: 19.9346, z: 9.144451}
  - {x: 6.862667, y: 0, z: 9.144451}
  - {x: 6.5831356, y: 0, z: 1.7206764}
  - {x: 6.862667, y: 19.9346, z: 9.144451}
  - {x: 6.5831356, y: 19.9346, z: 1.7206764}
  - {x: 6.5831356, y: 0, z: 1.7206764}
  - {x: 4.408434, y: 0, z: -0.1636982}
  - {x: 6.5831356, y: 19.9346, z: 1.7206764}
  - {x: 4.408434, y: 19.9346, z: -0.1636982}
  - {x: 4.408434, y: 0, z: -0.1636982}
  - {x: 0, y: 0, z: 0}
  - {x: 4.408434, y: 19.9346, z: -0.1636982}
  - {x: 0, y: 19.9346, z: 0}
  - {x: -0.81560326, y: 0, z: 9.572863}
  - {x: 3.338583, y: 0, z: 10.268518}
  - {x: -0.81560326, y: 19.9346, z: 9.572863}
  - {x: 3.338583, y: 19.9346, z: 10.268518}
  - {x: -5.8233824, y: 0, z: 6.5773773}
  - {x: -0.81560326, y: 0, z: 9.572863}
  - {x: -5.8233824, y: 19.9346, z: 6.5773773}
  - {x: -0.81560326, y: 19.9346, z: 9.572863}
  - {x: 0, y: 0, z: 0}
  - {x: -2.3735094, y: 0, z: -3.2627392}
  - {x: 0, y: 19.9346, z: 0}
  - {x: -2.3735094, y: 19.9346, z: -3.2627392}
  - {x: -10.743604, y: 0, z: 3.2207565}
  - {x: -5.8233824, y: 0, z: 6.5773773}
  - {x: -10.743604, y: 19.9346, z: 3.2207565}
  - {x: -5.8233824, y: 19.9346, z: 6.5773773}
  - {x: -2.3735094, y: 0, z: -3.2627392}
  - {x: -5.922373, y: 0, z: -5.908724}
  - {x: -2.3735094, y: 19.9346, z: -3.2627392}
  - {x: -5.922373, y: 19.9346, z: -5.908724}
  - {x: -5.922373, y: 0, z: -5.908724}
  - {x: -9.649464, y: 0, z: -7.43832}
  - {x: -5.922373, y: 19.9346, z: -5.908724}
  - {x: -9.649464, y: 19.9346, z: -7.43832}
  - {x: -9.649464, y: 0, z: -7.43832}
  - {x: -15.203867, y: 0, z: -1.0570621}
  - {x: -9.649464, y: 19.9346, z: -7.43832}
  - {x: -15.203867, y: 19.9346, z: -1.0570621}
  - {x: -15.203867, y: 0, z: -1.0570621}
  - {x: -10.743604, y: 0, z: 3.2207565}
  - {x: -15.203867, y: 19.9346, z: -1.0570621}
  - {x: -10.743604, y: 19.9346, z: 3.2207565}
  m_Textures0:
  - {x: 0, y: 0}
  - {x: 4.408434, y: -0.1636982}
  - {x: 6.5831356, y: 1.7206764}
  - {x: 6.862667, y: 9.144451}
  - {x: 3.338583, y: 10.268518}
  - {x: -0.81560326, y: 9.572863}
  - {x: -5.8233824, y: 6.5773773}
  - {x: -10.743604, y: 3.2207565}
  - {x: -15.203867, y: -1.0570621}
  - {x: -9.649464, y: -7.43832}
  - {x: -5.922373, y: -5.908724}
  - {x: -2.3735094, y: -3.2627392}
  - {x: -6.5831356, y: 1.7206764}
  - {x: -3.338583, y: 10.268518}
  - {x: -6.862667, y: 9.144451}
  - {x: -4.408434, y: -0.1636982}
  - {x: 0, y: 0}
  - {x: 0.81560326, y: 9.572863}
  - {x: 5.8233824, y: 6.5773773}
  - {x: 2.3735094, y: -3.2627392}
  - {x: 10.743604, y: 3.2207565}
  - {x: 5.922373, y: -5.908724}
  - {x: 9.649464, y: -7.43832}
  - {x: 15.203867, y: -1.0570621}
  - {x: -0.06027066, y: 0}
  - {x: -3.7592835, y: 0}
  - {x: -0.06027066, y: 19.9346}
  - {x: -3.7592835, y: 19.9346}
  - {x: 9.396196, y: 0}
  - {x: 1.9671608, y: 0}
  - {x: 9.396196, y: 19.9346}
  - {x: 1.9671608, y: 19.9346}
  - {x: 6.1020174, y: 0}
  - {x: 3.2244847, y: 0}
  - {x: 6.1020174, y: 19.9346}
  - {x: 3.2244847, y: 19.9346}
  - {x: 4.4114723, y: 0}
  - {x: 0, y: 0}
  - {x: 4.4114723, y: 19.9346}
  - {x: 0, y: 19.9346}
  - {x: -0.7766445, y: 0}
  - {x: -4.988675, y: 0}
  - {x: -0.7766445, y: 19.9346}
  - {x: -4.988675, y: 19.9346}
  - {x: 1.6211283, y: 0}
  - {x: -4.2141767, y: 0}
  - {x: 1.6211283, y: 19.9346}
  - {x: -4.2141767, y: 19.9346}
  - {x: 0, y: 0}
  - {x: -4.034726, y: 0}
  - {x: 0, y: 19.9346}
  - {x: -4.034726, y: 19.9346}
  - {x: 7.0599623, y: 0}
  - {x: 1.1038326, y: 0}
  - {x: 7.0599623, y: 19.9346}
  - {x: 1.1038326, y: 19.9346}
  - {x: -3.8530781, y: 0}
  - {x: -8.279778, y: 0}
  - {x: -3.8530781, y: 19.9346}
  - {x: -8.279778, y: 19.9346}
  - {x: -7.7222815, y: 0}
  - {x: -11.751038, y: 0}
  - {x: -7.7222815, y: 19.9346}
  - {x: -11.751038, y: 19.9346}
  - {x: -0.7247238, y: 0}
  - {x: -9.184739, y: 0}
  - {x: -0.7247238, y: 19.9346}
  - {x: -9.184739, y: 19.9346}
  - {x: 11.704524, y: 0}
  - {x: 5.5244203, y: 0}
  - {x: 11.704524, y: 19.9346}
  - {x: 5.5244203, y: 19.9346}
  m_Textures2: []
  m_Textures3: []
  m_Tangents:
  - {x: 1, y: 0, z: 0, w: -1}
  - {x: 1, y: 0, z: 0, w: -1}
  - {x: 1, y: 0, z: 0, w: -1}
  - {x: 1, y: 0, z: 0, w: -1}
  - {x: 1, y: 0, z: 0, w: -1}
  - {x: 1, y: 0, z: 0, w: -1}
  - {x: 1, y: 0, z: 0, w: -1}
  - {x: 1, y: 0, z: 0, w: -1}
  - {x: 1, y: 0, z: 0, w: -1}
  - {x: 1, y: 0, z: 0, w: -1}
  - {x: 1, y: 0, z: 0, w: -1}
  - {x: 1, y: 0, z: 0, w: -1}
  - {x: -1, y: 0, z: 0, w: -1}
  - {x: -1, y: 0, z: 0, w: -1}
  - {x: -1, y: 0, z: 0, w: -1}
  - {x: -1, y: 0, z: 0, w: -1}
  - {x: -1, y: 0, z: 0, w: -1}
  - {x: -1, y: 0, z: 0, w: -1}
  - {x: -1, y: 0, z: 0, w: -1}
  - {x: -1, y: 0, z: 0, w: -1}
  - {x: -1, y: 0, z: 0, w: -1}
  - {x: -1, y: 0, z: 0, w: -1}
  - {x: -1, y: 0, z: 0, w: -1}
  - {x: -1, y: 0, z: 0, w: -1}
  - {x: -0.9527094, y: 0, z: 0.30388308, w: -1}
  - {x: -0.9527094, y: 0, z: 0.30388308, w: -1}
  - {x: -0.9527094, y: 0, z: 0.30388308, w: -1}
  - {x: -0.9527094, y: 0, z: 0.30388308, w: -1}
  - {x: 0.03762689, y: 0, z: 0.9992919, w: -1}
  - {x: 0.03762689, y: 0, z: 0.9992919, w: -1}
  - {x: 0.03762689, y: 0, z: 0.9992919, w: -1}
  - {x: 0.03762689, y: 0, z: 0.9992919, w: -1}
  - {x: 0.7557522, y: 0, z: 0.65485775, w: -1}
  - {x: 0.7557522, y: 0, z: 0.65485775, w: -1}
  - {x: 0.7557522, y: 0, z: 0.65485775, w: -1}
  - {x: 0.7557522, y: 0, z: 0.65485775, w: -1}
  - {x: 0.99931127, y: 0, z: -0.037107382, w: -1}
  - {x: 0.99931127, y: 0, z: -0.037107382, w: -1}
  - {x: 0.99931127, y: 0, z: -0.037107382, w: -1}
  - {x: 0.99931127, y: 0, z: -0.037107382, w: -1}
  - {x: -0.9862669, y: 0, z: -0.16515927, w: -1}
  - {x: -0.9862669, y: 0, z: -0.16515927, w: -1}
  - {x: -0.9862669, y: 0, z: -0.16515927, w: -1}
  - {x: -0.9862669, y: 0, z: -0.16515927, w: -1}
  - {x: -0.8581864, y: 0, z: -0.51333827, w: -1}
  - {x: -0.8581864, y: 0, z: -0.51333827, w: -1}
  - {x: -0.8581864, y: 0, z: -0.51333827, w: -1}
  - {x: -0.8581864, y: 0, z: -0.51333827, w: -1}
  - {x: 0.5882703, y: 0, z: 0.80866444, w: -1}
  - {x: 0.5882703, y: 0, z: 0.80866444, w: -1}
  - {x: 0.5882703, y: 0, z: 0.80866444, w: -1}
  - {x: 0.5882703, y: 0, z: 0.80866444, w: -1}
  - {x: -0.8260769, y: 0, z: -0.5635574, w: -1}
  - {x: -0.8260769, y: 0, z: -0.5635574, w: -1}
  - {x: -0.8260769, y: 0, z: -0.5635574, w: -1}
  - {x: -0.8260769, y: 0, z: -0.5635574, w: -1}
  - {x: 0.80169517, y: 0, z: 0.59773314, w: -1}
  - {x: 0.80169517, y: 0, z: 0.59773314, w: -1}
  - {x: 0.80169517, y: 0, z: 0.59773314, w: -1}
  - {x: 0.80169517, y: 0, z: 0.59773314, w: -1}
  - {x: 0.92512214, y: 0, z: 0.3796697, w: -1}
  - {x: 0.92512214, y: 0, z: 0.3796697, w: -1}
  - {x: 0.92512214, y: 0, z: 0.3796697, w: -1}
  - {x: 0.92512214, y: 0, z: 0.3796697, w: -1}
  - {x: 0.6565477, y: 0, z: -0.75428456, w: -1}
  - {x: 0.6565477, y: 0, z: -0.75428456, w: -1}
  - {x: 0.6565477, y: 0, z: -0.75428456, w: -1}
  - {x: 0.6565477, y: 0, z: -0.75428456, w: -1}
  - {x: -0.72171336, y: 0, z: -0.6921921, w: -1}
  - {x: -0.72171336, y: 0, z: -0.6921921, w: -1}
  - {x: -0.72171336, y: 0, z: -0.6921921, w: -1}
  - {x: -0.72171336, y: 0, z: -0.6921921, w: -1}
  m_Colors: []
  m_UnwrapParameters:
    m_HardAngle: 88
    m_PackMargin: 20
    m_AngleError: 8
    m_AreaError: 15
  m_PreserveMeshAssetOnDestroy: 0
  assetGuid: 
  m_IsSelectable: 1
  m_SelectedFaces: 
  m_SelectedEdges: []
  m_SelectedVertices: 
--- !u!64 &4723502743680520037
MeshCollider:
  m_ObjectHideFlags: 0
  m_CorrespondingSourceObject: {fileID: 0}
  m_PrefabInstance: {fileID: 0}
  m_PrefabAsset: {fileID: 0}
  m_GameObject: {fileID: 4723502743680520090}
  m_Material: {fileID: 0}
  m_IsTrigger: 0
  m_Enabled: 1
  serializedVersion: 4
  m_Convex: 0
  m_CookingOptions: 30
  m_Mesh: {fileID: 0}
